<?xml version="1.0" encoding="UTF-8"?><collection xmlns="http://www.loc.gov/MARC21/slim"><record><leader>00384nam--2200121-i-4500</leader><controlfield tag="001">000028395</controlfield><controlfield tag="002">20161230</controlfield><controlfield tag="005">20161230201037</controlfield><controlfield tag="008">060222s1000------------r-----000-0-eng-d</controlfield><datafield ind1=" " ind2=" " tag="100"><subfield code="a">L©Łng, L</subfield></datafield><datafield ind1=" " ind2=" " tag="245"><subfield code="a">Absorptionsspektren im ultravioletten und im sichtbaren bereich. (theoretische und technische einfuhrung)</subfield></datafield><datafield ind1=" " ind2=" " tag="260"><subfield code="a">Budapest, Verlad Der Ungarisachen Acad., 1959, 85p</subfield></datafield><datafield ind1=" " ind2=" " tag="852"><subfield code="a">6673</subfield></datafield></record></collection>